<?xml version="1.0" encoding="UTF-8"?><collection xmlns="http://www.loc.gov/MARC21/slim"><record><leader>00700nam--2200253-u-4500</leader><controlfield tag="001">000050296</controlfield><controlfield tag="002">20161230</controlfield><controlfield tag="003">81644</controlfield><controlfield tag="005">20161230201048</controlfield><controlfield tag="008">060502s1000------------r-----000-0-eng-d</controlfield><datafield ind1=" " ind2=" " tag="020"><subfield code="a">3540659897</subfield></datafield><datafield ind1=" " ind2=" " tag="040"><subfield code="a">IFIN-HH</subfield></datafield><datafield ind1=" " ind2=" " tag="041"><subfield code="a">eng</subfield></datafield><datafield ind1=" " ind2=" " tag="080"><subfield code="a">535.15:530.145.53.06</subfield></datafield><datafield ind1="1" ind2=" " tag="100"><subfield code="a">Drummond, P.D</subfield></datafield><datafield ind1="1" ind2="0" tag="245"><subfield code="a">Quantum Squeezing</subfield><subfield code="c">P.D.Drumond, Z. Ficek (Eds.)</subfield></datafield><datafield ind1=" " ind2=" " tag="260"><subfield code="a">Tokyo</subfield><subfield code="b">Springer-Verlag</subfield><subfield code="c">2004</subfield></datafield><datafield ind1=" " ind2=" " tag="300"><subfield code="a">370 p</subfield><subfield code="b">52 fig</subfield></datafield><datafield ind1=" " ind2=" " tag="490"><subfield code="a">Springer Series on Atomic, Optical, and Plasma Physics</subfield><subfield code="v">vol. 27</subfield></datafield><datafield ind1=" " ind2=" " tag="500"><subfield code="a">Contine bibliografie si index</subfield></datafield><datafield ind1=" " ind2="4" tag="650"><subfield code="a">Squeezing light</subfield></datafield><datafield ind1="1" ind2=" " tag="700"><subfield code="a">Ficek, Z</subfield><subfield code="e">Ed</subfield></datafield><datafield ind1=" " ind2=" " tag="852"><subfield code="a">81644</subfield><subfield code="c">530.145</subfield></datafield><datafield ind1=" " ind2=" " tag="CAT"><subfield code="a">Sys</subfield><subfield code="c">20110404</subfield><subfield code="h">123335</subfield></datafield></record></collection>